@online{latex_symbols_2017,
	author = {Pakin, Scott},
	title = {The Comprehensive Latex Symbol List},
	year = 2017,
	url = {http://mirrors.ctan.org/info/symbols/comprehensive/symbols-a4.pdf},
	urldate = {2017-11-24}
}

@INPROCEEDINGS{6147691, 
author={H. I. Bulbul and Ã–. Unsal}, 
booktitle={2011 10th International Conference on Machine Learning and Applications and Workshops}, 
title={Comparison of Classification Techniques used in Machine Learning as Applied on Vocational Guidance Data}, 
year={2011}, 
volume={2}, 
number={}, 
pages={298-301}, 
keywords={data analysis;data mining;learning (artificial intelligence);pattern classification;classification technique;data mining;data analysis;business processes;information systems;vocational guidance data;machine learning;Machine learning;Data mining;Classification algorithms;Machine learning algorithms;Algorithm design and analysis;Learning systems;Computers;machine learning;data mining;classification techniques;energy applications}, 
doi={10.1109/ICMLA.2011.49}, 
ISSN={}, 
month={Dec},}

@incollection{autosklearn,
   title = {Efficient and Robust Automated Machine Learning},
   author = {Feurer, Matthias and Klein, Aaron and Eggensperger, Katharina and
             Springenberg, Jost and Blum, Manuel and Hutter, Frank},
   booktitle = {Advances in Neural Information Processing Systems 28},
   editor = {C. Cortes and N. D. Lawrence and D. D. Lee and M. Sugiyama and R. Garnett},
   pages = {2962--2970},
   year = {2015},
   publisher = {Curran Associates, Inc.},
   url = {http://papers.nips.cc/paper/5872-efficient-and-robust-automated-machine-learning.pdf}
}

@inproceedings{tpot,
    author = {Olson, Randal S. and Bartley, Nathan and Urbanowicz, Ryan J. and Moore, Jason H.},
    title = {Evaluation of a Tree-based Pipeline Optimization Tool for Automating Data Science},
    booktitle = {Proceedings of the Genetic and Evolutionary Computation Conference 2016},
    series = {GECCO '16},
    year = {2016},
    isbn = {978-1-4503-4206-3},
    location = {Denver, Colorado, USA},
    pages = {485--492},
    numpages = {8},
    url = {http://doi.acm.org/10.1145/2908812.2908918},
    doi = {10.1145/2908812.2908918},
    acmid = {2908918},
    publisher = {ACM},
    address = {New York, NY, USA},
}